@MISC{fireflyAlgorithm,
    author = {\color{darkblue}{Wikipedia}},
    title = {\color{darkblue}{Firefly algorithm}},
    publisher = {\color{darkblue}{Wikipedia}},
    note = {\color{darkblue}{accessed August 1, 2013}},
    howpublished = {\color{darkblue}{\url{https://en.wikipedia.org/wiki/Firefly_algorithm}}}
}

@MISC{tspProblem,
    author = {Wikipedia},
    title = {\color{darkblue}{Travelling Salesman Problem}},
    publisher = {\color{darkblue}{Wikipedia}},
    note = {\color{darkblue}{accessed December 3, 2013}},
    howpublished = {\color{darkblue}{\url{http://en.wikipedia.org/wiki/Travelling_salesman_problem}}}
}

@MISC{sequenceAssembly,
    author = {\color{darkblue}{Wikipedia}},
    title = {\color{darkblue}{Sequence assembly}},
    publisher = {\color{darkblue}{Wikipedia}},
    note = {\color{darkblue}{accessed 10/19/2013}},
    howpublished = {\color{darkblue}{\url{https://en.wikipedia.org/wiki/Sequence_assembly}}}
}

@article{ultraFast,
    title = {\color{darkblue}{Ultrafast and memory-efficient aligment of short DNA sequences to the human genome}},
    author = {\color{darkblue}{Langmead, B, et al. }},
    journal = {\color{darkblue}{Genome Biol}},
    number = {\color{darkblue}{10}},
    pages = {\color{darkblue}{R25}}
}
@article{fastShortReadAlignment,
    title = {\color{darkblue}{Fast and accurate short read alignment with Burrows-Wheeler Transform}},
    author = {\color{darkblue}{Li, H and Durbin, R.}},
    journal = {\color{darkblue}{Bioinformatics}},
    number = {\color{darkblue}{25}},
    pages = {\color{darkblue}{1754-1760}}
}
@article{veryShortReads,
    author = {\color{darkblue}{Zarbino, Daniel and Birney, Ewan}},
    title = {\color{darkblue}{Velvet: de novo assembly using very short reads}},
    journal = {\color{darkblue}{European Bioinformatics Institute}},
    year = {\color{darkblue}{2008}},
    note = {\color{darkblue}{Online, accessed 10/28/2013}}
}

